<record><leader>00000cas a22000007a 4500</leader><controlfield tag="001">20764748</controlfield><controlfield tag="008">891211c19889999mduwr ne      0    0eng d</controlfield><datafield ind1=" " ind2=" " tag="010"><subfield code="a">sn 89060403 </subfield></datafield><datafield ind1=" " ind2=" " tag="040"><subfield code="a">MFN</subfield><subfield code="b">eng</subfield><subfield code="c">MFN</subfield><subfield code="d">OCLCQ</subfield></datafield><datafield ind1=" " ind2=" " tag="042"><subfield code="a">msc</subfield></datafield><datafield ind1="0" ind2="0" tag="245"><subfield code="a">Maryland times-press.</subfield></datafield><datafield ind1=" " ind2=" " tag="260"><subfield code="a">Accomac, Va. :</subfield><subfield code="b">Atlantic Publications</subfield></datafield><datafield ind1=" " ind2=" " tag="300"><subfield code="a">v.</subfield></datafield><datafield ind1=" " ind2=" " tag="310"><subfield code="a">Weeky</subfield></datafield><datafield ind1="0" ind2=" " tag="362"><subfield code="a">Vol. 65, no. 41 (Nov. 3, 1988)-</subfield></datafield><datafield ind1=" " ind2=" " tag="500"><subfield code="a">Published for Ocean City, Md.</subfield></datafield><datafield ind1=" " ind2=" " tag="752"><subfield code="a">United States</subfield><subfield code="b">Maryland</subfield><subfield code="c">Worcester</subfield><subfield code="d">Ocean City.</subfield></datafield><datafield ind1=" " ind2=" " tag="752"><subfield code="a">United States</subfield><subfield code="b">Virginia</subfield><subfield code="c">Accomack</subfield><subfield code="d">Accomac.</subfield></datafield><datafield ind1="0" ind2="4" tag="780"><subfield code="t">Maryland coast press</subfield><subfield code="w">(DLC)sn 88065696</subfield></datafield><datafield ind1="0" ind2="4" tag="780"><subfield code="t">Ocean City times</subfield><subfield code="w">(DLC)sn 88065701</subfield></datafield></record>